@preamble{ "\newcommand{\noopsort}[1]{} "
	# "\newcommand{\printfirst}[2]{#1} "
	# "\newcommand{\singleletter}[1]{#1} "
	# "\newcommand{\switchargs}[2]{#2#1} " }

@book{thomson,
  place={Cambridge},
  title={Modern Particle Physics},
  DOI={10.1017/CBO9781139525367},
  publisher={Cambridge University Press},
  author={Thomson, Mark},
  year={2013},
  url = {https://www.cambridge.org/core/books/modern-particle-physics/CDFEBC9AE513DA60AA12DE015181A948}
}

@article{Gross1973,
  title = {Ultraviolet Behavior of Non-Abelian Gauge Theories},
  author = {Gross, David J. and Wilczek, Frank},
  journal = {Phys. Rev. Lett.},
  volume = {30},
  issue = {26},
  pages = {1343--1346},
  numpages = {0},
  year = {1973},
  month = {6},
  publisher = {American Physical Society},
  doi = {10.1103/PhysRevLett.30.1343},
  url = {https://link.aps.org/doi/10.1103/PhysRevLett.30.1343}
}

@article{Politzer1973,
  title = {Reliable Perturbative Results for Strong Interactions?},
  author = {Politzer, H. David},
  journal = {Phys. Rev. Lett.},
  volume = {30},
  issue = {26},
  pages = {1346--1349},
  numpages = {0},
  year = {1973},
  month = {6},
  publisher = {American Physical Society},
  doi = {10.1103/PhysRevLett.30.1346},
  url = {https://link.aps.org/doi/10.1103/PhysRevLett.30.1346}
}

@article{Glashow1961,
  title = "Partial-symmetries of weak interactions",
  journal = "Nuclear Physics",
  volume = "22",
  number = "4",
  pages = "579 - 588",
  year = "1961",
  issn = "0029-5582",
  doi = "https://doi.org/10.1016/0029-5582(61)90469-2",
  url = "http://www.sciencedirect.com/science/article/pii/0029558261904692",
  author = "Sheldon L. Glashow"
}

@article{Weinberg1967,
  title = {A Model of Leptons},
  author = {Weinberg, Steven},
  journal = {Phys. Rev. Lett.},
  volume = {19},
  issue = {21},
  pages = {1264--1266},
  numpages = {0},
  year = {1967},
  month = {11},
  publisher = {American Physical Society},
  doi = {10.1103/PhysRevLett.19.1264},
  url = {https://link.aps.org/doi/10.1103/PhysRevLett.19.1264}
}

@article{Salam1968,
  author         = "Salam, Abdus",
  title          = "{Weak and Electromagnetic Interactions}",
  booktitle      = "{8th Nobel Symposium Lerum, Sweden, May 19-25, 1968}",
  journal        = "Conf. Proc.",
  volume         = "C680519",
  year           = "1968",
  pages          = "367-377",
  SLACcitation   = "%%CITATION = CONFP,C680519,367;%%"
}

@article{PDG2018,
  title = {Review of Particle Physics},
  author = {M. Tanabashi and others},
  collaboration = {Particle Data Group},
  journal = {Phys. Rev. D},
  volume = {98},
  issue = {3},
  pages = {030001},
  numpages = {1898},
  year = {2018},
  month = {8},
  publisher = {American Physical Society},
  doi = {10.1103/PhysRevD.98.030001},
  url = {https://link.aps.org/doi/10.1103/PhysRevD.98.030001}
}			  

@article{Quinn1977,
  title = {$\mathrm{CP}$ Conservation in the Presence of Pseudoparticles},
  author = {Peccei, R. D. and Quinn, Helen R.},
  journal = {Phys. Rev. Lett.},
  volume = {38},
  issue = {25},
  pages = {1440--1443},
  numpages = {0},
  year = {1977},
  month = {6},
  publisher = {American Physical Society},
  doi = {10.1103/PhysRevLett.38.1440},
  url = {https://link.aps.org/doi/10.1103/PhysRevLett.38.1440}
}

@Inbook{Peccei2008,
  author="Peccei, Roberto D.",
  title="The Strong CP Problem and Axions",
  bookTitle="Axions: Theory, Cosmology, and Experimental Searches",
  year="2008",
  publisher="Springer Berlin Heidelberg",
  address="Berlin, Heidelberg",
  pages="3--17",
  isbn="978-3-540-73518-2",
  doi="10.1007/978-3-540-73518-2_1",
  url="https://doi.org/10.1007/978-3-540-73518-2_1"
}

@article{Wilczek1973,
  title = {Asymptotically Free Gauge Theories. I},
  author = {Gross, David J. and Wilczek, Frank},
  journal = {Phys. Rev. D},
  volume = {8},
  issue = {10},
  pages = {3633--3652},
  numpages = {0},
  year = {1973},
  month = {11},
  publisher = {American Physical Society},
  doi = {10.1103/PhysRevD.8.3633},
  url = {https://link.aps.org/doi/10.1103/PhysRevD.8.3633}
}


@article{Gellmann1964,
  title = "A schematic model of baryons and mesons",
  journal = "Physics Letters",
  volume = "8",
  number = "3",
  pages = "214 - 215",
  year = "1964",
  issn = "0031-9163",
  doi = "https://doi.org/10.1016/S0031-9163(64)92001-3",
  url = "http://www.sciencedirect.com/science/article/pii/S0031916364920013",
  author = "M. Gell-Mann"
}

@article{LHCb2015,
  title = {Observation of $J/\ensuremath{\psi}p$ Resonances Consistent with Pentaquark States in ${\mathrm{\ensuremath{\Lambda}}}_{b}^{0}\ensuremath{\rightarrow}J/\ensuremath{\psi}{K}^{\ensuremath{-}}p$ Decays},
  author = {R. Aaij and others},
  collaboration = {LHCb Collaboration},
  journal = {Phys. Rev. Lett.},
  volume = {115},
  issue = {7},
  pages = {072001},
  numpages = {15},
  year = {2015},
  month = {8},
  publisher = {American Physical Society},
  doi = {10.1103/PhysRevLett.115.072001},
  url = {https://link.aps.org/doi/10.1103/PhysRevLett.115.072001}
}

@article{Bardeen1957,
  title = {Theory of Superconductivity},
  author = {Bardeen, J. and Cooper, L. N. and Schrieffer, J. R.},
  journal = {Phys. Rev.},
  volume = {108},
  issue = {5},
  pages = {1175--1204},
  numpages = {0},
  year = {1957},
  month = {12},
  publisher = {American Physical Society},
  doi = {10.1103/PhysRev.108.1175},
  url = {https://link.aps.org/doi/10.1103/PhysRev.108.1175}
  }

@article{Nambu1960,
  title = {Quasi-Particles and Gauge Invariance in the Theory of Superconductivity},
  author = {Nambu, Yoichiro},
  journal = {Phys. Rev.},
  volume = {117},
  issue = {3},
  pages = {648--663},
  numpages = {0},
  year = {1960},
  month = {2},
  publisher = {American Physical Society},
  doi = {10.1103/PhysRev.117.648},
  url = {https://link.aps.org/doi/10.1103/PhysRev.117.648}
}

@article{Anderson1963,
  title = {Plasmons, Gauge Invariance, and Mass},
  author = {Anderson, P. W.},
  journal = {Phys. Rev.},
  volume = {130},
  issue = {1},
  pages = {439--442},
  numpages = {0},
  year = {1963},
  month = {4},
  publisher = {American Physical Society},
  doi = {10.1103/PhysRev.130.439},
  url = {https://link.aps.org/doi/10.1103/PhysRev.130.439}
}

@Article{Goldstone1961,
  author="Goldstone, J.",
  title="Field theories with << Superconductor >> solutions",
  journal="Il Nuovo Cimento (1955-1965)",
  year="1961",
  month="1",
  day="01",
  volume="19",
  number="1",
  pages="154--164",
  issn="1827-6121",
  doi="10.1007/BF02812722",
  url="https://doi.org/10.1007/BF02812722"
}

@article{Goldstone1962,
  title = {Broken Symmetries},
  author = {Goldstone, Jeffrey and Salam, Abdus and Weinberg, Steven},
  journal = {Phys. Rev.},
  volume = {127},
  issue = {3},
  pages = {965--970},
  numpages = {0},
  year = {1962},
  month = {8},
  publisher = {American Physical Society},
  doi = {10.1103/PhysRev.127.965},
  url = {https://link.aps.org/doi/10.1103/PhysRev.127.965}
}

@article{Brout1964,
  title = {Broken Symmetry and the Mass of Gauge Vector Mesons},
  author = {Englert, F. and Brout, R.},
  journal = {Phys. Rev. Lett.},
  volume = {13},
  issue = {9},
  pages = {321--323},
  numpages = {0},
  year = {1964},
  month = {8},
  publisher = {American Physical Society},
  doi = {10.1103/PhysRevLett.13.321},
  url = {https://link.aps.org/doi/10.1103/PhysRevLett.13.321}
}

@article{Higgs1964a,
  title = "Broken symmetries, massless particles and gauge fields",
  journal = "Physics Letters",
  volume = "12",
  number = "2",
  pages = "132 - 133",
  year = "1964",
  issn = "0031-9163",
  doi = "https://doi.org/10.1016/0031-9163(64)91136-9",
  url = "http://www.sciencedirect.com/science/article/pii/0031916364911369",
  author = "P. W. Higgs"
}

@article{Higgs1964b,
  title = {Broken Symmetries and the Masses of Gauge Bosons},
  author = {Higgs, Peter W.},
  journal = {Phys. Rev. Lett.},
  volume = {13},
  issue = {16},
  pages = {508--509},
  numpages = {0},
  year = {1964},
  month = {10},
  publisher = {American Physical Society},
  doi = {10.1103/PhysRevLett.13.508},
  url = {https://link.aps.org/doi/10.1103/PhysRevLett.13.508}
}

@article{Higgs1966,
  title = {Spontaneous Symmetry Breakdown without Massless Bosons},
  author = {Higgs, Peter W.},
  journal = {Phys. Rev.},
  volume = {145},
  issue = {4},
  pages = {1156--1163},
  numpages = {0},
  year = {1966},
  month = {5},
  publisher = {American Physical Society},
  doi = {10.1103/PhysRev.145.1156},
  url = {https://link.aps.org/doi/10.1103/PhysRev.145.1156}
}

@article{Guralnik1964,
  title = {Global Conservation Laws and Massless Particles},
  author = {Guralnik, G. S. and Hagen, C. R. and Kibble, T. W. B.},
  journal = {Phys. Rev. Lett.},
  volume = {13},
  issue = {20},
  pages = {585--587},
  numpages = {0},
  year = {1964},
  month = {11},
  publisher = {American Physical Society},
  doi = {10.1103/PhysRevLett.13.585},
  url = {https://link.aps.org/doi/10.1103/PhysRevLett.13.585}
}

@article{Kibble1967,
  title = {Symmetry Breaking in Non-Abelian Gauge Theories},
  author = {Kibble, T. W. B.},
  journal = {Phys. Rev.},
  volume = {155},
  issue = {5},
  pages = {1554--1561},
  numpages = {0},
  year = {1967},
  month = {3},
  publisher = {American Physical Society},
  doi = {10.1103/PhysRev.155.1554},
  url = {https://link.aps.org/doi/10.1103/PhysRev.155.1554}
}

@article{tHooft1972,
title = "Regularization and renormalization of gauge fields",
journal = "Nuclear Physics B",
volume = "44",
number = "1",
pages = "189 - 213",
year = "1972",
issn = "0550-3213",
doi = "https://doi.org/10.1016/0550-3213(72)90279-9",
url = "http://www.sciencedirect.com/science/article/pii/0550321372902799",
author = "G. t'Hooft and M. Veltman"
}

@article{Cabibbo1963,
  title = {Unitary Symmetry and Leptonic Decays},
  author = {Cabibbo, Nicola},
  journal = {Phys. Rev. Lett.},
  volume = {10},
  issue = {12},
  pages = {531--533},
  numpages = {0},
  year = {1963},
  month = {6},
  publisher = {American Physical Society},
  doi = {10.1103/PhysRevLett.10.531},
  url = {https://link.aps.org/doi/10.1103/PhysRevLett.10.531}
}

@article{Maskawa1973,
    author = {Kobayashi, Makoto and Maskawa, Toshihide},
    title = "{CP-Violation in the Renormalizable Theory of Weak Interaction}",
    journal = {Progress of Theoretical Physics},
    volume = {49},
    number = {2},
    pages = {652-657},
    year = {1973},
    month = {02},
    issn = {0033-068X},
    doi = {10.1143/PTP.49.652},
    url = {https://doi.org/10.1143/PTP.49.652},
    eprint = {http://oup.prod.sis.lan/ptp/article-pdf/49/2/652/5257692/49-2-652.pdf},
}

@article{Pontecorvo1957,
  author         = "Pontecorvo, B.",
  title          = "{Mesonium and anti-mesonium}",
  journal        = "Sov. Phys. JETP",
  volume         = "6",
  year           = "1957",
  pages          = "429",
  note           = "[Zh. Eksp. Teor. Fiz.33,549(1957)]",
  SLACcitation   = "%%CITATION = SPHJA,6,429;%%"
}

@article{Pontecorvo1967,
  author         = "Pontecorvo, B.",
  title          = "{Neutrino Experiments and the Problem of Conservation of
                    Leptonic Charge}",
  journal        = "Sov. Phys. JETP",
  volume         = "26",
  year           = "1968",
  pages          = "984-988",
  note           = "[Zh. Eksp. Teor. Fiz.53,1717(1967)]",
  SLACcitation   = "%%CITATION = SPHJA,26,984;%%"
}

@article{Maki1962,
    author = {Nakagawa, Masami and Sakata, Shoichi and Maki, Ziro},
    title = "{Remarks on the Unified Model of Elementary Particles}",
    journal = {Progress of Theoretical Physics},
    volume = {28},
    number = {5},
    pages = {870-880},
    year = {1962},
    month = {11},
    issn = {0033-068X},
    doi = {10.1143/PTP.28.870},
    url = {https://doi.org/10.1143/PTP.28.870},
    eprint = {http://oup.prod.sis.lan/ptp/article-pdf/28/5/870/5258750/28-5-870.pdf}
}

@article{Condon2018,
  doi = {10.1088/1538-3873/aac1b2},
  url = {https://doi.org/10.1088\%2F1538-3873\%2Faac1b2},
  year = 2018,
  month = {6},
  publisher = {{IOP} Publishing},
  volume = {130},
  number = {989},
  pages = {073001},
  author = {J. J. Condon and A. M. Matthews},
  title = {\ensuremath{{\Lambda}}{CDM} Cosmology for Astronomers},
  journal = {Publications of the Astronomical Society of the Pacific}
}

@ARTICLE{Roos2010,
       author = {{Roos}, Matts},
        title = "{Dark Matter: The evidence from astronomy, astrophysics and cosmology}",
      journal = {arXiv e-prints},
     keywords = {Astrophysics - Cosmology and Extragalactic Astrophysics},
         year = "2010",
        month = "1",
          eid = {arXiv:1001.0316},
        pages = {arXiv:1001.0316},
archivePrefix = {arXiv},
       eprint = {1001.0316},
 primaryClass = {astro-ph.CO},
       adsurl = {https://ui.adsabs.harvard.edu/abs/2010arXiv1001.0316R},
      adsnote = {Provided by the SAO/NASA Astrophysics Data System}
}

@ARTICLE{Zwicky1933,
   author = {{Zwicky}, F.},
    title = "{Die Rotverschiebung von extragalaktischen Nebeln}",
  journal = {Helvetica Physica Acta},
     year = 1933,
   volume = 6,
    pages = {110-127},
   adsurl = {http://adsabs.harvard.edu/abs/1933AcHPh...6..110Z},
  adsnote = {Provided by the SAO/NASA Astrophysics Data System}
}

@ARTICLE{Damico2009,
       author = {{D'Amico}, Guido and {Kamionkowski}, Marc and {Sigurdson}, Kris},
        title = "{Dark Matter Astrophysics}",
      journal = {arXiv e-prints},
     keywords = {Astrophysics - Cosmology and Extragalactic Astrophysics, Astrophysics - Galaxy Astrophysics},
         year = "2009",
        month = "7",
          eid = {arXiv:0907.1912},
        pages = {arXiv:0907.1912},
archivePrefix = {arXiv},
       eprint = {0907.1912},
 primaryClass = {astro-ph.CO},
       adsurl = {https://ui.adsabs.harvard.edu/abs/2009arXiv0907.1912D},
      adsnote = {Provided by the SAO/NASA Astrophysics Data System}
}

@ARTICLE{Rubin1980,
   author = {{Rubin}, V.~C. and {Ford}, Jr., W.~K. and {Thonnard}, N.},
    title = "{Rotational properties of 21 SC galaxies with a large range of luminosities and radii, from NGC 4605 /R = 4kpc/ to UGC 2885 /R = 122 kpc/}",
  journal = {\apj},
 keywords = {Astronomical Spectroscopy, Galactic Evolution, Galactic Rotation, Galaxies, Stellar Luminosity, Dynamic Characteristics, Galactic Nuclei, Morphology, Radial Velocity, Radii},
     year = 1980,
    month = 6,
   volume = 238,
    pages = {471-487},
      doi = {10.1086/158003},
   adsurl = {http://adsabs.harvard.edu/abs/1980ApJ...238..471R},
  adsnote = {Provided by the SAO/NASA Astrophysics Data System}
}

@article{Begeman1991,
    author = {Broeils, A. H. and Begeman, K. G. and Sanders, R. H.},
    title = "{Extended rotation curves of spiral galaxies: dark haloes and modified dynamics}",
    journal = {Monthly Notices of the Royal Astronomical Society},
    volume = {249},
    number = {3},
    pages = {523-537},
    year = {1991},
    month = {04},
    issn = {0035-8711},
    doi = {10.1093/mnras/249.3.523},
    url = {https://doi.org/10.1093/mnras/249.3.523},
    eprint = {http://oup.prod.sis.lan/mnras/article-pdf/249/3/523/18160929/mnras249-0523.pdf}
}

@article{Massey2010,
  doi = {10.1088/0034-4885/73/8/086901},
  url = {https://doi.org/10.1088\%2F0034-4885\%2F73\%2F8\%2F086901},
  year = 2010,
  month = {7},
  publisher = {{IOP} Publishing},
  volume = {73},
  number = {8},
  pages = {086901},
  author = {Richard Massey and Thomas Kitching and Johan Richard},
  title = {The dark matter of gravitational lensing},
  journal = {Reports on Progress in Physics}
}

@article{Clowe2006,
  doi = {10.1086/508162},
  url = {https://doi.org/10.1086\%2F508162},
  year = 2006,
  month = {8},
  publisher = {{IOP} Publishing},
  volume = {648},
  number = {2},
  pages = {L109--L113},
  author = {Douglas Clowe and Maru{\v{s}}a Brada{\v{c}} and Anthony H. Gonzalez and Maxim Markevitch and Scott W. Randall and Christine Jones and Dennis Zaritsky},
  title = {A Direct Empirical Proof of the Existence of Dark Matter},
  journal = {The Astrophysical Journal}
}

@article{Jungman1996,
  title = "Supersymmetric dark matter",
  journal = "Physics Reports",
  volume = "267",
  number = "5",
  pages = "195 - 373",
  year = "1996",
  issn = "0370-1573",
  doi = "https://doi.org/10.1016/0370-1573(95)00058-5",
  url = "http://www.sciencedirect.com/science/article/pii/0370157395000585",
  author = "Gerard Jungman and Marc Kamionkowski and Kim Griest",
}

@article{Planck2018,
  author         = "Aghanim, N. and others",
  title          = "{Planck 2018 results. VI. Cosmological parameters}",
  collaboration  = "Planck",
  year           = "2018",
  eprint         = "1807.06209",
  archivePrefix  = "arXiv",
  primaryClass   = "astro-ph.CO",
  SLACcitation   = "%%CITATION = ARXIV:1807.06209;%%"
}

@Inbook{Raffelt2008,
  author="Raffelt, Georg G.",
  editor="Kuster, Markus and Raffelt, Georg and Beltr{\'a}n, Berta",
  title="Astrophysical Axion Bounds",
  bookTitle="Axions: Theory, Cosmology, and Experimental Searches",
  year="2008",
  publisher="Springer Berlin Heidelberg",
  address="Berlin, Heidelberg",
  pages="51--71",
  isbn="978-3-540-73518-2",
  doi="10.1007/978-3-540-73518-2_3",
  url="https://doi.org/10.1007/978-3-540-73518-2_3"
}

@article{CAST2017,
  author         = "Anastassopoulos, V. and others",
  title          = "{New CAST Limit on the Axion-Photon Interaction}",
  collaboration  = "CAST",
  journal        = "Nature Phys.",
  volume         = "13",
  year           = "2017",
  pages          = "584-590",
  doi            = "10.1038/nphys4109",
  eprint         = "1705.02290",
  archivePrefix  = "arXiv",
  primaryClass   = "hep-ex",
  SLACcitation   = "%%CITATION = ARXIV:1705.02290;%%"
}

@article{ADMX2018a,
  title = {Search for Invisible Axion Dark Matter with the Axion Dark Matter Experiment},
  author = {Du, N. and others},
  collaboration = {ADMX Collaboration},
  journal = {Phys. Rev. Lett.},
  volume = {120},
  issue = {15},
  pages = {151301},
  numpages = {5},
  year = {2018},
  month = {4},
  publisher = {American Physical Society},
  doi = {10.1103/PhysRevLett.120.151301},
  url = {https://link.aps.org/doi/10.1103/PhysRevLett.120.151301}
}

@article{ADMX2018b,
  title = {Piezoelectrically Tuned Multimode Cavity Search for Axion Dark Matter},
  author = {Boutan, C. and others},
  collaboration = {ADMX Collaboration},
  journal = {Phys. Rev. Lett.},
  volume = {121},
  issue = {26},
  pages = {261302},
  numpages = {7},
  year = {2018},
  month = {12},
  publisher = {American Physical Society},
  doi = {10.1103/PhysRevLett.121.261302},
  url = {https://link.aps.org/doi/10.1103/PhysRevLett.121.261302}
}

@article{Drewes2013,
  author         = "Drewes, Marco",
  title          = "{The Phenomenology of Right Handed Neutrinos}",
  journal        = "Int. J. Mod. Phys.",
  volume         = "E22",
  year           = "2013",
  pages          = "1330019",
  doi            = "10.1142/S0218301313300191",
  eprint         = "1303.6912",
  archivePrefix  = "arXiv",
  primaryClass   = "hep-ph",
  reportNumber   = "TUM-HEP-881-13",
  SLACcitation   = "%%CITATION = ARXIV:1303.6912;%%"
}

@article{Boyarsky2009,
  author = {Boyarsky, Alexey and Ruchayskiy, Oleg and Shaposhnikov, Mikhail},
  title = {The Role of Sterile Neutrinos in Cosmology and Astrophysics},
  journal = {Annual Review of Nuclear and Particle Science},
  volume = {59},
  number = {1},
  pages = {191-214},
  year = {2009},
  doi = {10.1146/annurev.nucl.010909.083654},
  URL = {https://doi.org/10.1146/annurev.nucl.010909.083654},
  eprint = {https://doi.org/10.1146/annurev.nucl.010909.083654}
}

@article{Boyarsky2019,
  title = "Sterile neutrino Dark Matter",
  journal = "Progress in Particle and Nuclear Physics",
  volume = "104",
  pages = "1 - 45",
  year = "2019",
  issn = "0146-6410",
  doi = "https://doi.org/10.1016/j.ppnp.2018.07.004",
  url = "http://www.sciencedirect.com/science/article/pii/S0146641018300711",
  author = "A. Boyarsky and M. Drewes and T. Lasserre and S. Mertens and O. Ruchayskiy",
  keywords = "Sterile neutrino, Dark matter, Warm dark matter, Dark matter experiments, Neutrino models, Indirect dark matter searches"
}

@article{Harris2015,
  title = {Constraining dark sectors at colliders: Beyond the effective theory approach},
  author = {Harris, Philip and Khoze, Valentin V. and Spannowsky, Michael and Williams, Ciaran},
  journal = {Phys. Rev. D},
  volume = {91},
  issue = {5},
  pages = {055009},
  numpages = {19},
  year = {2015},
  month = {3},
  publisher = {American Physical Society},
  doi = {10.1103/PhysRevD.91.055009},
  url = {https://link.aps.org/doi/10.1103/PhysRevD.91.055009}
}

@article{DMF2015,
  author         = "Abercrombie, Daniel and others",
  editor         = "Boveia, Antonio and Doglioni, Caterina and Lowette,
                    Steven and Malik, Sarah and Mrenna, Stephen",
  title          = "{Dark Matter Benchmark Models for Early LHC Run-2
                    Searches: Report of the ATLAS/CMS Dark Matter Forum}",
  year           = "2015",
  eprint         = "1507.00966",
  archivePrefix  = "arXiv",
  primaryClass   = "hep-ex",
  reportNumber   = "FERMILAB-PUB-15-282-CD",
  SLACcitation   = "%%CITATION = ARXIV:1507.00966;%%"
}

@Article{Gabrielli2016,
  author="Gabrielli, Emidio and Mele, Barbara and Piccinini, Fulvio and Pittau, Roberto",
  title="Asking for an extra photon in Higgs production at the LHC and beyond",
  journal="Journal of High Energy Physics",
  year="2016",
  month="7",
  day="01",
  volume="2016",
  number="7",
  pages="3",
  issn="1029-8479",
  doi="10.1007/JHEP07(2016)003",
  url="https://doi.org/10.1007/JHEP07(2016)003"
}

@article{Undagoitia2015,
  doi = {10.1088/0954-3899/43/1/013001},
  url = {https://doi.org/10.1088\%2F0954-3899\%2F43\%2F1\%2F013001},
  year = 2015,
  month = {12},
  publisher = {{IOP} Publishing},
  volume = {43},
  number = {1},
  pages = {013001},
  author = {Teresa Marrod{\'{a}}n Undagoitia and Ludwig Rauch},
  title = {Dark matter direct-detection experiments},
  journal = {Journal of Physics G: Nuclear and Particle Physics},
}

@article{LUX2017,
  title = {Results from a Search for Dark Matter in the Complete LUX Exposure},
  author = {Akerib, D. S. and others},
  collaboration = {LUX Collaboration},
  journal = {Phys. Rev. Lett.},
  volume = {118},
  issue = {2},
  pages = {021303},
  numpages = {8},
  year = {2017},
  month = {1},
  publisher = {American Physical Society},
  doi = {10.1103/PhysRevLett.118.021303},
  url = {https://link.aps.org/doi/10.1103/PhysRevLett.118.021303}
}

@article{CDMS2016,
  title = {New Results from the Search for Low-Mass Weakly Interacting Massive Particles with the CDMS Low Ionization Threshold Experiment},
  author = {Agnese, R. and others},
  collaboration = {SuperCDMS Collaboration},
  journal = {Phys. Rev. Lett.},
  volume = {116},
  issue = {7},
  pages = {071301},
  numpages = {6},
  year = {2016},
  month = {2},
  publisher = {American Physical Society},
  doi = {10.1103/PhysRevLett.116.071301},
  url = {https://link.aps.org/doi/10.1103/PhysRevLett.116.071301}
}

@article{PICO2017,
  title = {Dark Matter Search Results from the $\mathrm{PICO}\text{\ensuremath{-}}60{\text{ }\mathrm{C}}_{3}{\mathrm{F}}_{8}$ Bubble Chamber},
  author = {Amole, C. and others},
  collaboration = {PICO Collaboration},
  journal = {Phys. Rev. Lett.},
  volume = {118},
  issue = {25},
  pages = {251301},
  numpages = {6},
  year = {2017},
  month = {6},
  publisher = {American Physical Society},
  doi = {10.1103/PhysRevLett.118.251301},
  url = {https://link.aps.org/doi/10.1103/PhysRevLett.118.251301}
}

@inproceedings{Slatyer2017,
  author         = "Slatyer, Tracy R.",
  title          = "{Indirect Detection of Dark Matter}",
  booktitle      = "{Proceedings,  Theoretical Advanced Study Institute in
                    Elementary Particle Physics : Anticipating the Next
                    Discoveries in Particle Physics (TASI 2016): Boulder, CO,
                    USA, June 6-July 1, 2016}",
  year           = "2018",
  pages          = "297-353",
  doi            = "10.1142/9789813233348_0005",
  eprint         = "1710.05137",
  archivePrefix  = "arXiv",
  primaryClass   = "hep-ph",
  reportNumber   = "MIT-CTP-4946",
  SLACcitation   = "%%CITATION = ARXIV:1710.05137;%%"
}

@article{AMS2014,
  title = {High Statistics Measurement of the Positron Fraction in Primary Cosmic Rays of 0.5--500 GeV with the Alpha Magnetic Spectrometer on the International Space Station},
  author = {Accardo, L. and others},
  collaboration = {AMS Collaboration},
  journal = {Phys. Rev. Lett.},
  volume = {113},
  issue = {12},
  pages = {121101},
  numpages = {9},
  year = {2014},
  month = {7},
  publisher = {American Physical Society},
  doi = {10.1103/PhysRevLett.113.121101},
  url = {https://link.aps.org/doi/10.1103/PhysRevLett.113.121101}
}

@article{Fermi2015,
  title = {Searching for Dark Matter Annihilation from Milky Way Dwarf Spheroidal Galaxies with Six Years of Fermi Large Area Telescope Data},
  author = {Ackermann, M. and others},
  collaboration = {The Fermi-LAT Collaboration},
  journal = {Phys. Rev. Lett.},
  volume = {115},
  issue = {23},
  pages = {231301},
  numpages = {8},
  year = {2015},
  month = {11},
  publisher = {American Physical Society},
  doi = {10.1103/PhysRevLett.115.231301},
  url = {https://link.aps.org/doi/10.1103/PhysRevLett.115.231301}
}

@article{Gaskins2016,
  author = {Jennifer M. Gaskins},
  title = {A review of indirect searches for particle dark matter},
  journal = {Contemporary Physics},
  volume = {57},
  number = {4},
  pages = {496-525},
  year  = {2016},
  publisher = {Taylor & Francis},
  doi = {10.1080/00107514.2016.1175160},
  URL = {https://doi.org/10.1080/00107514.2016.1175160},
  eprint = {https://doi.org/10.1080/00107514.2016.1175160}
}

@article{IceCube2016,
  doi = {10.1088/1475-7516/2016/04/022},
  url = {https://doi.org/10.1088\%2F1475-7516\%2F2016\%2F04\%2F022},
  year = 2016,
  month = {4},
  publisher = {{IOP} Publishing},
  volume = {2016},
  number = {04},
  pages = {022--022},
  author = {M.G. Aartsen and others},
  title = {Improved limits on dark matter annihilation in the Sun with the 79-string {IceCube} detector and implications for supersymmetry},
  journal = {Journal of Cosmology and Astroparticle Physics}
}

@article{Evans2008,
  doi = {10.1088/1748-0221/3/08/s08001},
  url = {https://doi.org/10.1088\%2F1748-0221\%2F3\%2F08\%2Fs08001},
  year = 2008,
  month = {8},
  publisher = {{IOP} Publishing},
  volume = {3},
  number = {08},
  pages = {S08001--S08001},
  author = {Lyndon Evans and Philip Bryant},
  title = {{LHC} Machine},
  journal = {Journal of Instrumentation},
}

@article{Mobs2018,
  author        = "Mobs, Esma",
  title         = "{The CERN accelerator complex - August 2018}",
  month         = "8",
  year          = "2018",
  reportNumber  = "OPEN-PHO-ACCEL-2018-005",
  url           = "https://cds.cern.ch/record/2636343",
  note          = "General Photo",
}

@book{Benedikt2004,
  author        = "Benedikt, Michael and Collier, Paul and Mertens, V and
                   Poole, John and Schindl, Karlheinz",
  title         = "{LHC Design Report}",
  publisher     = "CERN",
  address       = "Geneva",
  series        = "CERN Yellow Reports: Monographs",
  year          = "2004",
  url           = "https://cds.cern.ch/record/823808",
}

@online{LumiTwiki,
  title = "{CMS} Luminosity - Public Results",
  url = "https://twiki.cern.ch/twiki/bin/view/CMSPublic/LumiPublicResults",
  urldate = {2019-03-19},
  year = 2019
}

@article{Perelstein2010,
  author = {Perelstein, Maxim},
  year = {2010},
  month = {02},
  pages = {},
  title = {Introduction to Collider Physics},
  doi = {10.1142/9789814327183_0008}
}

@inbook{Collins1989,
  author = { John C.   Collins  and  Davison E.   Soper  and  George   Sterman },
  title = {FACTORIZATION OF HARD PROCESSES IN QCD},
  booktitle = {Perturbative QCD},
  year = 1989,
  chapter = {},
  pages = {1-91},
  doi = {10.1142/9789814503266_0001},
  URL = {https://www.worldscientific.com/doi/abs/10.1142/9789814503266_0001},
  eprint = {https://www.worldscientific.com/doi/pdf/10.1142/9789814503266_0001}
}

@article{Dokshitzer1977,
  author         = "Dokshitzer, Yuri L.",
  title          = "{Calculation of the Structure Functions for Deep
                    Inelastic Scattering and e+ e- Annihilation by
                    Perturbation Theory in Quantum Chromodynamics.}",
  journal        = "Sov. Phys. JETP",
  volume         = "46",
  year           = "1977",
  pages          = "641-653",
  note           = "[Zh. Eksp. Teor. Fiz.73,1216(1977)]",
  SLACcitation   = "%%CITATION = SPHJA,46,641;%%"
}

@article{Gribov1972,
  author         = "Gribov, V. N. and Lipatov, L. N.",
  title          = "{Deep inelastic e p scattering in perturbation theory}",
  journal        = "Sov. J. Nucl. Phys.",
  volume         = "15",
  year           = "1972",
  pages          = "438-450",
  note           = "[Yad. Fiz.15,781(1972)]",
  reportNumber   = "IPTI-381-71",
  SLACcitation   = "%%CITATION = SJNCA,15,438;%%"
}

@article{Altarelli1977,
  title = "Asymptotic freedom in parton language",
  journal = "Nuclear Physics B",
  volume = "126",
  number = "2",
  pages = "298 - 318",
  year = "1977",
  issn = "0550-3213",
  doi = "https://doi.org/10.1016/0550-3213(77)90384-4",
  url = "http://www.sciencedirect.com/science/article/pii/0550321377903844",
  author = "G. Altarelli and G. Parisi"
}

@Article{Ball2015,
  author="Ball, Richard D. and others",
  title="Parton distributions for the LHC run II",
  journal="Journal of High Energy Physics",
  year="2015",
  month="4",
  day="08",
  volume="2015",
  number="4",
  pages="40",
  issn="1029-8479",
  doi="10.1007/JHEP04(2015)040",
  url="https://doi.org/10.1007/JHEP04(2015)040"
}

@Article{Alwall2014,
  author="Alwall, J. and others",
  title="The automated computation of tree-level and next-to-leading order differential cross sections, and their matching to parton shower simulations",
  journal="Journal of High Energy Physics",
  year="2014",
  month="7",
  day="17",
  volume="2014",
  number="7",
  pages="79",
  issn="1029-8479",
  doi="10.1007/JHEP07(2014)079",
  url="https://doi.org/10.1007/JHEP07(2014)079"
}

@Article{Frederix2012,
  author="Frederix, Rikkert and Frixione, Stefano",
  title="Merging meets matching in MC@NLO",
  journal="Journal of High Energy Physics",
  year="2012",
  month="12",
  day="12",
  volume="2012",
  number="12",
  pages="61",
  issn="1029-8479",
  doi="10.1007/JHEP12(2012)061",
  url="https://doi.org/10.1007/JHEP12(2012)061"
}

@article{Sjostrand2015,
  title = "An introduction to PYTHIA 8.2",
  keywords = "Event generators, Multiparticle production, Matrix elements, Parton showers, Matching and merging, Multiparton interactions, Hadronisation",
  author = "Torbjorn Sjostrand and others",
  year = "2015",
  doi = "10.1016/j.cpc.2015.01.024",
  language = "English",
  volume = "191",
  pages = "159--177",
  journal = "Computer Physics Communications",
  issn = "0010-4655",
  publisher = "Elsevier",
}

@article{Anderson1983,
  title = "Parton fragmentation and string dynamics",
  journal = "Physics Reports",
  volume = "97",
  number = "2",
  pages = "31 - 145",
  year = "1983",
  issn = "0370-1573",
  doi = "https://doi.org/10.1016/0370-1573(83)90080-7",
  url = "http://www.sciencedirect.com/science/article/pii/0370157383900807",
  author = "B. Andersson and G. Gustafson and G. Ingelman and T. Sjostrand"
}

@article{CMS2008,
  doi = {10.1088/1748-0221/3/08/s08004},
  url = {https://doi.org/10.1088\%2F1748-0221\%2F3\%2F08\%2Fs08004},
  year = 2008,
  month = {8},
  publisher = {{IOP} Publishing},
  volume = {3},
  number = {08},
  pages = {S08004--S08004},
  author = {S. Chatrchyan and others},
  title = {The {CMS} experiment at the {CERN} {LHC}},
  journal = {Journal of Instrumentation}
}

@online{CmsWeb,
  title = "{CMS} Detector Design",
  url = "http://cms.web.cern.ch/news/cms-detector-design",
  urldate = {2011-11-23},
  year = 2019
}

@article{Geant2003,
  title = "Geant4 simulation toolkit",
  journal = "Nuclear Instruments and Methods in Physics Research Section A: Accelerators, Spectrometers, Detectors and Associated Equipment",
  volume = "506",
  number = "3",
  pages = "250 - 303",
  year = "2003",
  issn = "0168-9002",
  doi = "https://doi.org/10.1016/S0168-9002(03)01368-8",
  url = "http://www.sciencedirect.com/science/article/pii/S0168900203013688",
  author = "S. Agostinelli and others"
}

@ARTICLE{Geant2006, 
  author={J. {Allison} and others},
  journal={IEEE Transactions on Nuclear Science}, 
  title={Geant4 developments and applications}, 
  year={2006}, 
  volume={53}, 
  number={1}, 
  pages={270-278}, 
  doi={10.1109/TNS.2006.869826}, 
  ISSN={0018-9499}, 
  month={2}
}

@article{PF2017,
  doi = {10.1088/1748-0221/12/10/p10003},
  url = {https://doi.org/10.1088\%2F1748-0221\%2F12\%2F10\%2Fp10003},
  year = 2017,
  month = {10},
  publisher = {{IOP} Publishing},
  volume = {12},
  number = {10},
  pages = {P10003--P10003},
  author = {A.M. Sirunyan and others},
  title = {Particle-flow reconstruction and global event description with the {CMS} detector},
  journal = {Journal of Instrumentation}
}

@article{Tracker2014,
  doi = {10.1088/1748-0221/9/10/p10009},
  url = {https://doi.org/10.1088\%2F1748-0221\%2F9\%2F10\%2Fp10009},
  year = 2014,
  month = {10},
  publisher = {{IOP} Publishing},
  volume = {9},
  number = {10},
  pages = {P10009--P10009},
  author = {{The CMS Collaboration}},
  title = {Description and performance of track and primary-vertex reconstruction with the {CMS} tracker},
  journal = {Journal of Instrumentation}
}

@article{Vertex2018,
  doi = {10.1088/1748-0221/13/05/p05011},
  url = {https://doi.org/10.1088\%2F1748-0221\%2F13\%2F05\%2Fp05011},
  year = 2018,
  month = {5},
  publisher = {{IOP} Publishing},
  volume = {13},
  number = {05},
  pages = {P05011--P05011},
  author = {A.M. Sirunyan and others},
  title = {Identification of heavy-flavour jets with the {CMS} detector in pp collisions at 13 {TeV}},
  journal = {Journal of Instrumentation}
}

@article{Electrons2015,
  doi = {10.1088/1748-0221/10/06/p06005},
  url = {https://doi.org/10.1088\%2F1748-0221\%2F10\%2F06\%2Fp06005},
  year = 2015,
  month = {6},
  publisher = {{IOP} Publishing},
  volume = {10},
  number = {06},
  pages = {P06005--P06005},
  author = {{The CMS Collaboration}},
  title = {Performance of electron reconstruction and selection with the {CMS} detector in proton-proton collisions at $\sqrt$s= 8 {TeV}},
  journal = {Journal of Instrumentation},
}

@article{Photons2015,
  doi = {10.1088/1748-0221/10/08/p08010},
  url = {https://doi.org/10.1088\%2F1748-0221\%2F10\%2F08\%2Fp08010},
  year = 2015,
  month = {8},
  publisher = {{IOP} Publishing},
  volume = {10},
  number = {08},
  pages = {P08010--P08010},
  author = {{The CMS Collaboration}},
  title = {Performance of photon reconstruction and identification with the {CMS} detector in proton-proton collisions at $\sqrt$s= 8 {TeV}},
  journal = {Journal of Instrumentation},
}

@techreport{CMS:2017sdi,
  title          = "{CMS} Luminosity Measurements for the 2016 Data Taking Period",
  institution    = "CERN",
  collaboration  = "CMS",
  number   = "CMS-PAS-LUM-17-001",
  type      = "CMS Physics Analysis Summary",
  year           = "2017",
  reportNumber   = "CMS-PAS-LUM-17-001",
  url            = "http://cds.cern.ch/record/2257069",
  SLACcitation   = "%%CITATION = CMS-PAS-LUM-17-001;%%"                                                                                                   
}

@article{Bozzi:2010xn,
  author         = "Bozzi, Giuseppe and Catani, Stefano and Ferrera, Giancarlo and de Florian, Daniel and Grazzini, Massimiliano",
  title          = "{Production of Drell-Yan lepton pairs in hadron collisions: Transverse-momentum resummation at next-to-next-to-leading logarithmic accuracy}",
  journal        = "Phys. Lett.",
  volume         = "B696",
  year           = "2011",
  pages          = "207-213",
  doi            = "10.1016/j.physletb.2010.12.024",
  eprint         = "1007.2351",
  archivePrefix  = "arXiv",
  primaryClass   = "hep-ph",
  SLACcitation   = "%%CITATION = ARXIV:1007.2351;%%"                                                                                                      
}

@article{Denner:2014bna,
  author         = "Denner, Ansgar and Dittmaier, Stefan and Hecht, Markus and Pasold, Christian",
  title          = "{NLO QCD and electroweak corrections to W+$\gamma$ production with leptonic W-boson decays}",
  journal        = "JHEP",
  volume         = "04",
  year           = "2015",
  pages          = "018",
  doi            = "10.1007/JHEP04(2015)018",
  eprint         = "1412.7421",
  archivePrefix  = "arXiv",
  primaryClass   = "hep-ph",
  reportNumber   = "FR-PHENO-2014-014",
  SLACcitation   = "%%CITATION = ARXIV:1412.7421;%%"                                                                                                      
}

@article{Denner:2015fca,
  author         = "Denner, Ansgar and Dittmaier, Stefan and Hecht, Markus and Pasold, Christian",
  title          = "{NLO QCD and electroweak corrections to $Z+\gamma$ production with leptonic Z-boson decays}",
  journal        = "JHEP",
  volume         = "02",
  year           = "2016",
  pages          = "057",
  doi            = "10.1007/JHEP02(2016)057",
  eprint         = "1510.08742",
  archivePrefix  = "arXiv",
  primaryClass   = "hep-ph",
  reportNumber   = "FR-PHENO-2015-012",
  SLACcitation   = "%%CITATION = ARXIV:1510.08742;%%"
}

@article{Lindert:2017olm,
  author         = "Lindert, J. M. and others",
  title          = "{Precise predictions for $V+$ jets dark matter backgrounds}",
  journal        = "Eur. Phys. J.",
  volume         = "C77",
  year           = "2017",
  number         = "12",
  pages          = "829",
  doi            = "10.1140/epjc/s10052-017-5389-1",
  eprint         = "1705.04664",
  archivePrefix  = "arXiv",
  primaryClass   = "hep-ph",
  reportNumber   = "CERN-TH-2017-102, CERN-LPCC-2017-02, IPPP-17-38, FERMILAB-PUB-17-152-T, ZU--TH-12-17, --FERMILAB-PUB-17-152-T",
  SLACcitation   = "%%CITATION = ARXIV:1705.04664;%%"                                                                                                     
}

@article{Halo2015,
  author="M. J. Ambrose and others",
  title="A novel Beam Halo Monitor for the {CMS} experiment at the {LHC}",
  journal="JINST",
  volume="10",
  pages="P11011",
  year="2015",
  doi = "10.1088/1748-0221/10/11/P11011"
}

@TECHREPORT{CMS_AN_2010-357,
  AUTHOR       = "Petyt, D. and others",
  TITLE        = "Characterization and treatment of anomalous signals in the CMS Electromagnetic Calorimeter",
  TYPE      = "CMS Note",
  NUMBER       = "2010/357",
  YEAR         = "2010"
}

@article{Spike2012,
  author = "D. A. Petyt and others",
  title = "Mitigation of Anomalous {APD} signals in the {CMS} Electromagnetic Calorimeter",
  journal = "J. Phys.: Conf. Series",
  volume = "404",
  pages = "012043",
  year = "2012",
  doi = "10.1088/1742-6596/404/1/012043"
}

@article{RooStats2010,
  author        = "Kevin Belasco and others",
  title         = "{The RooStats Project}",
  journal       = "PoS",
  number        = "arXiv:1009.1003",
  volume        = "ACAT2010",
  pages         = "057",
  month         = "9",
  year          = "2010",
  reportNumber  = "arXiv:1009.1003",
  url           = "https://cds.cern.ch/record/1289965",
  note          = "Comments: 11 pages, 3 figures, ACAT2010 Conference Proceedings",
}

@article{Junk:1999kv,
  author         = "Junk, Thomas",
  title          = "Confidence level computation for combining searches with small statistics",
  journal        = "Nucl. Instrum. Meth. A",
  volume         = "434",
  year           = "1999",
  pages          = "435",
  doi            = "10.1016/S0168-9002(99)00498-2",
  eprint         = "hep-ex/9902006",
  archivePrefix  = "arXiv",
  primaryClass   = "hep-ex",
  reportNumber   = "CARLETON-OPAL-PHYS-99-01, CERN-EP-99-041",
  SLACcitation   = "%%CITATION = HEP-EX/9902006;%%"                                                                                                       
}

@article{Read:2002hq,
  author         = "Read, Alexander L.",
  title          = "Presentation of search results: The {\CLs} technique",
  booktitle      = "{Advanced Statistical Techniques in Particle Physics. Proceedings, Conference, Durham, UK, March 18-22, 2002}",
  journal        = "J. Phys. G",
  volume         = "28",
  year           = "2002",
  pages          = "2693",
  doi            = "10.1088/0954-3899/28/10/313",
  SLACcitation   = "%%CITATION = JPAGA,G28,2693;%%"                                                                                                       
}

@article{Cowan:2010js,
  author         = "Cowan, Glen and Cranmer, Kyle and Gross, Eilam and Vitells, Ofer",
  title          = "Asymptotic formulae for likelihood-based tests of new physics",
  journal        = "Eur. Phys. J. C",
  volume         = "71",
  year           = "2011",
  pages          = "1554",
  doi            = "10.1140/epjc/s10052-011-1554-0",
  note           = "[Erratum: \DOI{10.1140/epjc/s10052-013-2501-z}]",
  eprint         = "1007.1727",
  archivePrefix  = "arXiv",
  primaryClass   = "physics.data-an",
  SLACcitation   = "%%CITATION = ARXIV:1007.1727;%%"                                                                                                      
}

@Article{ATLAS2017,
  author="Aaboud, M. and others",
  title="Search for dark matter at $\ensuremath{\sqrt{s}=13}$ TeV in final states containing an energetic photon and large missing transverse momentum with the ATLAS detector",
  journal="The European Physical Journal C",
  year="2017",
  month="6",
  day="14",
  volume="77",
  number="6",
  pages="393",
  issn="1434-6052",
  doi="10.1140/epjc/s10052-017-4965-8",
  url="https://doi.org/10.1140/epjc/s10052-017-4965-8"
}


@article{Ade:2015xua,
  author         = "Ade, P. A. R. and others",
  title          = "Planck 2015 results. {XIII}. {Cosmological} parameters",
  collaboration  = "Planck",
  journal        = "Astron. Astrophys.",
  volume         = "594",
  year           = "2016",
  pages          = "A13",
  doi            = "10.1051/0004-6361/201525830",
  eprint         = "1502.01589",
  archivePrefix  = "arXiv",
  primaryClass   = "astro-ph.CO",
  SLACcitation   = "%%CITATION = ARXIV:1502.01589;%%"                                                                                                     
}

@article{Backovic:2013dpa,
  author         = "Backovi{\'c}, M. and Kong, K. and McCaskey, M.",
  title          = "{MadDM v.1.0}: Computation of Dark Matter Relic Abundance Using {MadGraph5}",
  journal        = "Phys. Dark Univ.",
  volume         = "5-6",
  pages          = "18",
  doi            = "10.1016/j.dark.2014.04.001",
  year           = "2014",
  eprint         = "1308.4955",
  archivePrefix  = "arXiv",
  primaryClass   = "hep-ph",
  SLACcitation   = "%%CITATION = ARXIV:1308.4955;%%",                                                                                                     
}

@unpublished{Boveia:2016mrp,
  author         = "Busoni, Giorgio and others",
  title          = "Recommendations on presenting {LHC} searches for missing transverse energy signals using simplified $s$-channel models of dark matter",
  year           = "2016",
  eprint         = "1603.04156",
  archivePrefix  = "arXiv",
  primaryClass   = "hep-ex",
  reportNumber   = "CERN-LPCC-2016-001, FERMILAB-FN-1009-CD",
  SLACcitation   = "%%CITATION = ARXIV:1603.04156;%%"                                                                                                     
}

@article{Cui:2017,
  author         = "Cui, Xiangyi and others",
  title          = "Dark Matter Results from 54-Ton-Day Exposure of {PandaX-II} Experiment",
  collaboration  = "PandaX-II",
  journal        = "Phys. Rev. Lett.",
  volume         = "119",
  year           = "2017",
  pages          = "181302",
  doi            = "10.1103/PhysRevLett.119.181302",
  eprint         = "1708.06917",
  archivePrefix  = "arXiv",
  primaryClass   = "astro-ph.CO",
  SLACcitation   = "%%CITATION = ARXIV:1708.06917;%%"                                                                                                     
}

@unpublished{Aprile:2018,
  author         = "Aprile, E. and others",
  title          = "Dark Matter Search Results from a One $\text{Tonne}\times\text{Year}$ Exposure of {XENON1T}",
  collaboration  ="XENON",
  year           = "2018",
  eprint         = "1805.12562",
  archivePrefix  = "arXiv",
  primaryClass   = "astro-ph.CO",
  SLACcitation   = "%%CITATION = ARXIV:1805.12562;%%"                                                                                                     
}

@article{Angloher:2015ewa,
  author         = "Angloher, G. and others",
  title          = "Results on light dark matter particles with a low-threshold {CRESST-II} detector",
  collaboration  = "CRESST",
  journal        = "Eur. Phys. J. C",
  volume         = "76",
  year           = "2016",
  pages          = "25",
  doi            = "10.1140/epjc/s10052-016-3877-3",
  eprint         = "1509.01515",
  archivePrefix  = "arXiv",
  primaryClass   = "astro-ph.CO",
  SLACcitation   = "%%CITATION = ARXIV:1509.01515;%%"                                                                                                     
}

@article{Behnke:2016lsk,
  author         = "Behnke, E. and others",
  title          = "Final results of the {PICASSO} dark matter search experiment",
  journal        = "Astropart. Phys.",
  volume         = "90",
  year           = "2017",
  pages          = "85",
  doi            = "10.1016/j.astropartphys.2017.02.005",
  eprint         = "1611.01499",
  archivePrefix  = "arXiv",
  primaryClass   = "hep-ex",
  SLACcitation   = "%%CITATION = ARXIV:1611.01499;%%"                                                                                                     
}

@article{Choi:2015ara,
  author         = "Choi, K. and others",
  title          = "Search for Neutrinos from Annihilation of Captured Low-Mass Dark Matter Particles in the {Sun} By {Super-Kamiokande}",
  collaboration  = "Super-Kamiokande",
  journal        = "Phys. Rev. Lett.",
  volume         = "114",
  year           = "2015",
  pages          = "141301",
  doi            = "10.1103/PhysRevLett.114.141301",
  eprint         = "1503.04858",
  archivePrefix  = "arXiv",
  primaryClass   = "hep-ex",
  SLACcitation   = "%%CITATION = ARXIV:1503.04858;%%"                                                                                                     
}

@techreport{CMS-NOTE-2017-001,
  title         = "Simplified likelihood for the re-interpretation of public {CMS} results",
  author        = {{The CMS Collaboration}},
  collaboration = "CMS",
  number        = "CMS-NOTE-2017-001",
  type          = "CMS Note",
  reportNumber  = "CMS-NOTE-2017-001",
  url           = "https://cds.cern.ch/record/2242860",
  year          = 2017
}

@Article{Cacciari2012,
  author="Cacciari, Matteo and Salam, Gavin P. and Soyez, Gregory",
  title="FastJet user manual",
  journal="The European Physical Journal C",
  year="2012",
  month="Mar",
  day="16",
  volume="72",
  number="3",
  pages="1896",
  issn="1434-6052",
  doi="10.1140/epjc/s10052-012-1896-2",
  url="https://doi.org/10.1140/epjc/s10052-012-1896-2"
}

@article{Monojet2016,
  title = {Search for new physics in final states with an energetic jet or a hadronically decaying $W$ or $Z$ boson and transverse momentum imbalance at $\sqrt{s}=13\text{ }\text{ }\mathrm{TeV}$},
  author = {Sirunyan, A. M. and others},
  collaboration = {CMS Collaboration},
  journal = {Phys. Rev. D},
  volume = {97},
  issue = {9},
  pages = {092005},
  numpages = {36},
  year = {2018},
  month = {5},
  publisher = {American Physical Society},
  doi = {10.1103/PhysRevD.97.092005},
  url = {https://link.aps.org/doi/10.1103/PhysRevD.97.092005}
}

@article{HiggsPaper,
author = {Aad, G and others},
year = {2015},
month = {05},
pages = {},
title = {Combined Measurement of the Higgs Boson Mass in pp Collisions at √s = 7 and 8 TeV with the ATLAS and CMS Experiments},
volume = {114},
journal = {Physical Review Letters}
}

@Article{Monophotono,
author="{The CMS Collaboration}",
title="Search for new physics in final states with a single photon and missing transverse momentum in proton-proton collisions at s=13{\$}{\$} {\backslash}sqrt{\{}s{\}}=13 {\$}{\$}TeV",
journal="Journal of High Energy Physics",
year="2019",
month="2",
day="13",
volume="2019",
number="2",
pages="74",
issn="1029-8479",
doi="10.1007/JHEP02(2019)074",
url="https://doi.org/10.1007/JHEP02(2019)074"
}
